@article{Skript,
 author = {Prof. Dr.-Ing. Dietmar Heinz, Prof. Dr.-Ing. Hilke WÃ¼rdemann},
 title = {Praktikumsskript, Umwelttechnik},
 year = {2019}
}


@booklet{Dr.ManfredNeupert.August2008,
	author = {{Dr. Manfred Neupert}},
	editor = {R{\"O}MPP, Thieme},
	year = {August 2008},
	title = {Schlammindex},
	url = {https://roempp.thieme.de/roempp4.0/do/data/RD-19-00944},
	lastchecked = {08.01.2020}
}



